<record><leader>00000cas a22000007a 4500</leader><controlfield tag="001">23102833</controlfield><controlfield tag="008">910214c18979999couwr ne      0    0eng d</controlfield><datafield ind1=" " ind2=" " tag="010"><subfield code="a">sn 91052064 </subfield></datafield><datafield ind1=" " ind2=" " tag="040"><subfield code="a">CNQ</subfield><subfield code="b">eng</subfield><subfield code="c">CNQ</subfield><subfield code="d">OCL</subfield><subfield code="d">OCLCQ</subfield></datafield><datafield ind1=" " ind2=" " tag="019"><subfield code="a">11164465</subfield><subfield code="a">23102978</subfield><subfield code="a">23103024</subfield><subfield code="a">23103063</subfield></datafield><datafield ind1=" " ind2=" " tag="042"><subfield code="a">msc</subfield></datafield><datafield ind1="0" ind2=" " tag="130"><subfield code="a">Glenwood post (Glenwood Springs, Colo. : 1897)</subfield></datafield><datafield ind1="1" ind2="4" tag="245"><subfield code="a">The Glenwood post.</subfield></datafield><datafield ind1="3" ind2="0" tag="246"><subfield code="a">Glenwood post twice-a-week</subfield></datafield><datafield ind1="1" ind2="3" tag="246"><subfield code="a">Glenwood post and weekly ledger</subfield></datafield><datafield ind1=" " ind2=" " tag="260"><subfield code="a">Glenwood Springs, Colo. :</subfield><subfield code="b">C.L. Bennett</subfield></datafield><datafield ind1=" " ind2=" " tag="300"><subfield code="a">v.</subfield></datafield><datafield ind1=" " ind2=" " tag="310"><subfield code="a">Daily (except Sat., Sun., and holidays),</subfield><subfield code="b">June 3, 1974-</subfield></datafield><datafield ind1=" " ind2=" " tag="321"><subfield code="a">Weekly,</subfield><subfield code="b">July 17, 1897-Oct. 2, 1897</subfield></datafield><datafield ind1=" " ind2=" " tag="321"><subfield code="a">Semiweekly,</subfield><subfield code="b">Oct. 6-30, 1897</subfield></datafield><datafield ind1=" " ind2=" " tag="321"><subfield code="a">Weekly,</subfield><subfield code="b">Nov. 6, 1897-Oct. 13, 1971</subfield></datafield><datafield ind1=" " ind2=" " tag="321"><subfield code="a">Semiweekly,</subfield><subfield code="b">Oct. 18, 1971-Dec. 3, 1973</subfield></datafield><datafield ind1=" " ind2=" " tag="321"><subfield code="a">Triweekly,</subfield><subfield code="b">Dec. 5, 1973-May 31, 1974</subfield></datafield><datafield ind1="0" ind2=" " tag="362"><subfield code="a">Vol. 7, no. 1 (July 17, 1897)-</subfield></datafield><datafield ind1=" " ind2=" " tag="500"><subfield code="a">Published as: The Glenwood post twice-a-week, Oct. 6-30, 1897.</subfield></datafield><datafield ind1=" " ind2=" " tag="515"><subfield code="a">Numbering is irregular.</subfield></datafield><datafield ind1=" " ind2=" " tag="530"><subfield code="a">Available on microfilm from the Colorado Historical Society.</subfield></datafield><datafield ind1=" " ind2=" " tag="580"><subfield code="a">Daily eds.: Glenwood daily post, &lt;1897&gt;, and: Daily post-reminder, &lt;1935-1936&gt;, and: Glenwood daily post (Glenwood Springs, Colo. : 1936).</subfield></datafield><datafield ind1=" " ind2=" " tag="752"><subfield code="a">United States</subfield><subfield code="b">Colorado</subfield><subfield code="c">Garfield</subfield><subfield code="d">Glenwood Springs.</subfield></datafield><datafield ind1="1" ind2=" " tag="775"><subfield code="t">Glenwood daily post</subfield><subfield code="w">(DLC)sn 91052065</subfield></datafield><datafield ind1="1" ind2=" " tag="775"><subfield code="t">Daily post-reminder</subfield><subfield code="w">(DLC)sn 90051736</subfield></datafield><datafield ind1="1" ind2=" " tag="775"><subfield code="t">Glenwood daily post (Glenwood Springs, Colo. : 1936)</subfield><subfield code="w">(DLC)sn 91052100</subfield></datafield><datafield ind1="0" ind2="0" tag="780"><subfield code="t">Glenwood post and the weekly ledger</subfield><subfield code="w">(DLC)sn 91052063</subfield></datafield><datafield ind1="0" ind2="5" tag="780"><subfield code="t">Avalanche-echo</subfield><subfield code="w">(DLC)sn 91052099</subfield></datafield></record>